<record><leader>00000cas a22000007a 4500</leader><controlfield tag="001">19614501</controlfield><controlfield tag="008">890427d19131945coudr ne      0    0eng d</controlfield><datafield ind1=" " ind2=" " tag="010"><subfield code="a">sn 89052091 </subfield></datafield><datafield ind1=" " ind2=" " tag="040"><subfield code="a">CNQ</subfield><subfield code="b">eng</subfield><subfield code="c">CNQ</subfield><subfield code="d">OCLCQ</subfield></datafield><datafield ind1=" " ind2=" " tag="042"><subfield code="a">msc</subfield></datafield><datafield ind1="0" ind2=" " tag="130"><subfield code="a">Greeley daily tribune and the Greeley republican (Greeley, Colo. : 1913)</subfield></datafield><datafield ind1="1" ind2="4" tag="245"><subfield code="a">The Greeley daily tribune and the Greeley republican.</subfield></datafield><datafield ind1=" " ind2=" " tag="260"><subfield code="a">Greeley, Colo. :</subfield><subfield code="b">Tribune-Republican Pub. Co.</subfield></datafield><datafield ind1=" " ind2=" " tag="300"><subfield code="a">v.</subfield></datafield><datafield ind1=" " ind2=" " tag="310"><subfield code="a">Daily</subfield></datafield><datafield ind1="1" ind2=" " tag="362"><subfield code="a">Began in 1913?</subfield></datafield><datafield ind1="0" ind2=" " tag="362"><subfield code="a">-v. 38, no. 70 (Oct. 26, 1945).</subfield></datafield><datafield ind1=" " ind2=" " tag="530"><subfield code="a">Available on microfilm from the Colorado Historical Society.</subfield></datafield><datafield ind1=" " ind2=" " tag="588"><subfield code="a">Description based on: Vol. 7, no. 100 (Dec. 2, 1914).</subfield></datafield><datafield ind1=" " ind2=" " tag="752"><subfield code="a">United States</subfield><subfield code="b">Colorado</subfield><subfield code="c">Weld</subfield><subfield code="d">Greeley.</subfield></datafield><datafield ind1="0" ind2="4" tag="780"><subfield code="t">Greeley daily tribune (Greeley, Colo. : 1908)</subfield><subfield code="w">(DLC)sn 85067345</subfield></datafield><datafield ind1="0" ind2="4" tag="780"><subfield code="t">Greeley daily republican</subfield></datafield><datafield ind1="0" ind2="0" tag="785"><subfield code="t">Greeley daily tribune and the tribune republican</subfield><subfield code="w">(DLC)sn 89052092</subfield></datafield><datafield ind1="1" ind2=" " tag="029"><subfield code="a">AU@</subfield><subfield code="b">000025898846</subfield></datafield></record>